<record><leader>00000cas a2200000 a 4500</leader><controlfield tag="001">28438381</controlfield><controlfield tag="008">930712d18891889iludn ne      0   a0eng c</controlfield><datafield ind1=" " ind2=" " tag="010"><subfield code="a">sn 93055933 </subfield></datafield><datafield ind1=" " ind2=" " tag="040"><subfield code="a">NVF</subfield><subfield code="b">eng</subfield><subfield code="c">NVF</subfield><subfield code="d">OCLCQ</subfield><subfield code="d">CVF</subfield><subfield code="d">NVF</subfield><subfield code="d">OCLCQ</subfield><subfield code="d">OCLCF</subfield><subfield code="d">OCLCO</subfield><subfield code="d">NVF</subfield><subfield code="d">OCLCO</subfield><subfield code="d">OCL</subfield></datafield><datafield ind1="1" ind2=" " tag="029"><subfield code="a">AU@</subfield><subfield code="b">000025850190</subfield></datafield><datafield ind1=" " ind2=" " tag="042"><subfield code="a">pcc</subfield></datafield><datafield ind1=" " ind2=" " tag="043"><subfield code="a">n-us-il</subfield></datafield><datafield ind1="0" ind2=" " tag="130"><subfield code="a">Savanna daily journal (Savanna, Ill. : Carroll County Teachers' Institute ed.)</subfield></datafield><datafield ind1="1" ind2="0" tag="245"><subfield code="a">Savanna daily journal.</subfield></datafield><datafield ind1="1" ind2="3" tag="246"><subfield code="a">Daily Savanna journal</subfield></datafield><datafield ind1=" " ind2=" " tag="260"><subfield code="a">Savanna, Ill. :</subfield><subfield code="b">Aaron Palmer,</subfield><subfield code="c">1889.</subfield></datafield><datafield ind1=" " ind2=" " tag="300"><subfield code="a">volumes</subfield></datafield><datafield ind1=" " ind2=" " tag="310"><subfield code="a">Daily (during Carroll County Teachers' Institute)</subfield></datafield><datafield ind1="0" ind2=" " tag="362"><subfield code="a">Vol. 1, no. 1 (Aug. 26, 1889)-v. 1, no. 5 (Aug. 30, 1889).</subfield></datafield><datafield ind1=" " ind2=" " tag="500"><subfield code="a">"Daily" appears above masthead ornament.</subfield></datafield><datafield ind1=" " ind2=" " tag="580"><subfield code="a">Weekly ed.: Savanna Carroll County journal.</subfield></datafield><datafield ind1=" " ind2="0" tag="650"><subfield code="a">Teachers' institutes</subfield><subfield code="z">Illinois</subfield><subfield code="z">Carroll County</subfield><subfield code="z">Savanna</subfield><subfield code="v">Newspapers.</subfield></datafield><datafield ind1=" " ind2="0" tag="650"><subfield code="a">Teachers</subfield><subfield code="x">Training of</subfield><subfield code="z">Illinois</subfield><subfield code="z">Carroll County</subfield><subfield code="z">Savanna</subfield><subfield code="v">Newspapers.</subfield></datafield><datafield ind1=" " ind2="0" tag="651"><subfield code="a">Savanna (Ill.)</subfield><subfield code="v">Newspapers.</subfield></datafield><datafield ind1=" " ind2="0" tag="651"><subfield code="a">Carroll County (Ill.)</subfield><subfield code="v">Newspapers.</subfield></datafield><datafield ind1=" " ind2="7" tag="655"><subfield code="a">Newspapers.</subfield><subfield code="2">fast</subfield><subfield code="0">(OCoLC)fst01423814</subfield></datafield><datafield ind1=" " ind2="7" tag="650"><subfield code="a">Teachers' institutes.</subfield><subfield code="2">fast</subfield><subfield code="0">(OCoLC)fst01144529</subfield></datafield><datafield ind1=" " ind2="7" tag="650"><subfield code="a">Teachers</subfield><subfield code="x">Training of.</subfield><subfield code="2">fast</subfield><subfield code="0">(OCoLC)fst01144404</subfield></datafield><datafield ind1=" " ind2="7" tag="651"><subfield code="a">Illinois</subfield><subfield code="z">Carroll County.</subfield><subfield code="2">fast</subfield><subfield code="0">(OCoLC)fst01209215</subfield></datafield><datafield ind1=" " ind2="7" tag="651"><subfield code="a">Illinois</subfield><subfield code="z">Savanna.</subfield><subfield code="2">fast</subfield><subfield code="0">(OCoLC)fst01226878</subfield></datafield><datafield ind1=" " ind2=" " tag="752"><subfield code="a">United States</subfield><subfield code="b">Illinois</subfield><subfield code="c">Carroll County</subfield><subfield code="d">Savanna.</subfield></datafield><datafield ind1="1" ind2=" " tag="775"><subfield code="t">Savanna Carroll County journal</subfield><subfield code="w">(DLC)sn 93055932</subfield><subfield code="w">(OCoLC)28438296</subfield></datafield></record>